# Example bibliography file, using the group style guide: https://roamresearch.com/#/app/bjmgroupmanual/page/aQ0FZ2z-r

@article{PageEtAl_ChemMater2007,
  doi = {10.1021/cm0709673},
  url = {https://doi.org/10.1021/cm0709673},
  year = {2007},
  month = jul,
  publisher = {American Chemical Society ({ACS})},
  volume = {19},
  number = {16},
  pages = {4037--4042},
  author = {Katharine Page and Matthew W. Stoltzfus and Young-Il Kim and Thomas Proffen and Patrick M. Woodward and Anthony K. Cheetham and Ram Seshadri},
  title = {Local Atomic Ordering in {BaTaO}$_2${N} Studied by Neutron Pair Distribution Function Analysis and Density Functional Theory},
  journal = {Chem. Mater.}
}

@article{YangEtAl_NatureChem2010,
  doi = {10.1038/nchem.908},
  url = {https://doi.org/10.1038/nchem.908},
  year = {2010},
  month = nov,
  publisher = {Springer Science and Business Media {LLC}},
  volume = {3},
  number = {1},
  pages = {47--52},
  author = {Minghui Yang and Judith Or{\'{o}}-Sol{\'{e}} and Jennifer A. Rodgers and Ana Bel{\'{e}}n Jorge and Amparo Fuertes and J. Paul Attfield},
  title = {Anion order in perovskite oxynitrides},
  journal = {Nature Chem.}
}

@article{Pauling_JAmChemSoc1929,
        doi = {10.1021/ja01379a006},
        url = {https://doi.org/10.1021%2Fja01379a006},
        year = 1929,
        month = {apr},
        publisher = {American Chemical Society ({ACS})},
        volume = {51},
        number = {4},
        pages = {1010--1026},
        author = {Linus Pauling},
        title = {The Principles Determining the Structure of Complex Ionic Crystals},
        journal = {J. Am. Chem. Soc.}
}

@article{BrinkEtAl_JSolStatChem2004,
  doi = {10.1016/j.jssc.2004.03.001},
  url = {https://doi.org/10.1016/j.jssc.2004.03.001},
  year = {2004},
  month = jun,
  publisher = {Elsevier {BV}},
  volume = {177},
  number = {6},
  pages = {2177--2182},
  author = {Frank J. Brink and Lasse Nor{\'{e}}n and Ray L. Withers},
  title = {Electron diffraction evidence for continuously variable, composition-dependent {O}/{F} ordering in the {ReO}$_3$ type,  {Nb}$^\mathrm{V}_{1-x}${Nb}$^\mathrm{IV}_x${O}$_{2-x}${F}$_{1+x}1$,  $0\leq x\leq 0.48$, solid solution},
  journal = {J. Sol. Stat. Chem.}
}

@article{Morgan_JOpenSourceSoft2017,
  doi = {10.21105/joss.00370},
  url = {https://doi.org/10.21105/joss.00370},
  year = {2017},
  month = aug,
  publisher = {The Open Journal},
  volume = {2},
  number = {16},
  pages = {370},
  author = {Benjamin J. Morgan},
  title = {{bsym}: {A} basic symmetry module},
  journal = {J. Open Source Soft.}
}

@article{GoedeckerEtAl_PhysRevB1996,
  doi = {10.1103/physrevb.54.1703},
  url = {https://doi.org/10.1103/physrevb.54.1703},
  year = {1996},
  month = jul,
  publisher = {American Physical Society ({APS})},
  volume = {54},
  number = {3},
  pages = {1703--1710},
  author = {S. Goedecker and M. Teter and J. Hutter},
  title = {Separable dual-space {G}aussian pseudopotentials},
  journal = {Phys. Rev. B}
}

@article{NeedsAndWeller_JChemSocDaltonTrans1995,
  doi = {10.1039/dt9950003015},
  url = {https://doi.org/10.1039/dt9950003015},
  year = {1995},
  publisher = {Royal Society of Chemistry ({RSC})},
  number = {18},
  pages = {3015--3017},
  author = {Richard L. Needs and Mark T. Weller},
  title = {Structure of {B}a$_3${I}n$_2${O}$_5${F}$_2$ by combined powder {X}-ray and neutron diffraction analysis; oxide/fluoride ordering in a {R}uddlesden--{P}opper phase},
  journal = {J. Chem. Soc., Dalton Trans.}
}

@article{SzymanskiEtAl_ChemMater2023,
  doi = {10.1021/acs.chemmater.2c03827},
  url = {https://doi.org/10.1021/acs.chemmater.2c03827},
  year = {2023},
  month = jun,
  publisher = {American Chemical Society ({ACS})},
  author = {Nathan J. Szymanski and Zhengyan Lun and Jue Liu and Ethan C. Self and Christopher J. Bartel and Jagjit Nanda and Bin Ouyang and Gerbrand Ceder},
  title = {Modeling Short-Range Order in Disordered Rocksalt Cathodes by Pair Distribution Function Analysis},
  journal = {Chem. Mater.}
}

@article{OQuinnEtAl_SciAdv2020,
  doi = {10.1126/sciadv.abc2758},
  url = {https://doi.org/10.1126/sciadv.abc2758},
  year = {2020},
  month = aug,
  publisher = {American Association for the Advancement of Science ({AAAS})},
  volume = {6},
  number = {35},
  author = {Eric C. O'Quinn and Kurt E. Sickafus and Rodney C. Ewing and Gianguido Baldinozzi and Joerg C. Neuefeind and Matthew G. Tucker and Antonio F. Fuentes and Devon Drey and Maik K. Lang},
  title = {Predicting short-range order and correlated phenomena in disordered crystalline materials},
  journal = {Sci. Adv.}
}

@article{WeiEtAl_PhysRevB1990,
  doi = {10.1103/physrevb.42.9622},
  url = {https://doi.org/10.1103/physrevb.42.9622},
  year = {1990},
  month = nov,
  publisher = {American Physical Society ({APS})},
  volume = {42},
  number = {15},
  pages = {9622--9649},
  author = {S.-H. Wei and L. G. Ferreira and James E. Bernard and Alex Zunger},
  title = {Electronic properties of random alloys: Special quasirandom structures},
  journal = {Physical Review B}
}

@article{ZungerEtAl_PhysRevLett1990,
  doi = {10.1103/physrevlett.65.353},
  url = {https://doi.org/10.1103/physrevlett.65.353},
  year = {1990},
  month = jul,
  publisher = {American Physical Society ({APS})},
  volume = {65},
  number = {3},
  pages = {353--356},
  author = {Alex Zunger and S.-H. Wei and L. G. Ferreira and James E. Bernard},
  title = {Special quasirandom structures},
  journal = {Phys. Rev. Lett.}
}

@article{GrimmeEtAl_JChemPhys2010,
  doi = {10.1063/1.3382344},
  url = {https://doi.org/10.1063/1.3382344},
  year = {2010},
  month = apr,
  publisher = {{AIP} Publishing},
  volume = {132},
  number = {15},
  pages = {154104},
  author = {Stefan Grimme and Jens Antony and Stephan Ehrlich and Helge Krieg},
  title = {A consistent and accurate \emph{ab initio} parametrization of density functional dispersion correction ({DFT}-{D}) for the 94 elements {H}--{Pu}},
  journal = {J. Chem. Phys.}
}

@article{MurakamiEtAl_SolStatNuclMagRes2019,
  doi = {10.1016/j.ssnmr.2019.05.007},
  url = {https://doi.org/10.1016/j.ssnmr.2019.05.007},
  year = {2019},
  month = sep,
  publisher = {Elsevier {BV}},
  volume = {101},
  pages = {82--88},
  author = {Miwa Murakami and Yasuto Noda and K. Takegoshi},
  title = {Terminal and bridging fluorine ligands in {TiF}$_4$ as studied by $^{19}${F} {NMR} in solids},
  journal = {Sol. Stat. Nucl. Mag. Res.}
}

@article{MorganAndWatson_JPhysChemLett2011,
  doi = {10.1021/jz200718e},
  url = {https://doi.org/10.1021/jz200718e},
  year = {2011},
  month = jun,
  publisher = {American Chemical Society ({ACS})},
  volume = {2},
  number = {14},
  pages = {1657--1661},
  author = {Benjamin J. Morgan and Graeme W. Watson},
  title = {Role of Lithium Ordering in the {L}i$_x${TiO}$_2$ Anatase $\rightarrow$ Titanate Phase Transition},
  journal = {J. Phys. Chem. Lett.}
}

@article{MorganAndWatson_PhysRevB2010,
  doi = {10.1103/physrevb.82.144119},
  url = {https://doi.org/10.1103/physrevb.82.144119},
  year = {2010},
  month = oct,
  publisher = {American Physical Society ({APS})},
  volume = {82},
  number = {14},
  author = {Benjamin J. Morgan and Graeme W. Watson},
  title = {{GGA}+${U}$ description of lithium intercalation into anatase {T}i{O}$_2$},
  journal = {Phys. Rev. B}
}

@article{OveryEtAl_NatureCommun2016,
  doi = {10.1038/ncomms10445},
  url = {https://doi.org/10.1038/ncomms10445},
  year = {2016},
  month = feb,
  publisher = {Springer Science and Business Media {LLC}},
  volume = {7},
  number = {1},
  author = {Alistair R. Overy and Andrew B. Cairns and Matthew J. Cliffe and Arkadiy Simonov and Matthew G. Tucker and Andrew L. Goodwin},
  title = {Design of crystal-like aperiodic solids with selective disorder--phonon coupling},
  journal = {Nature Commun.}
}

@article{WithersEtAl_Polyhedron2007,
  doi = {10.1016/j.poly.2006.05.021},
  url = {https://doi.org/10.1016/j.poly.2006.05.021},
  year = {2007},
  month = jan,
  publisher = {Elsevier {BV}},
  volume = {26},
  number = {2},
  pages = {290--299},
  author = {Ray L. Withers and F.J. Brink and Yun Liu and Lasse Nor{\'{e}}n},
  title = {Cluster chemistry in the solid state: Structured diffuse scattering,  oxide/fluoride ordering and polar behaviour in transition metal oxyfluorides},
  journal = {Polyhedron}
}

@article{DuEtAl_JPhysChemA2002,
  doi = {10.1021/jp020457q},
  url = {https://doi.org/10.1021/jp020457q},
  year = {2002},
  month = jul,
  publisher = {American Chemical Society ({ACS})},
  volume = {106},
  number = {34},
  pages = {7876--7886},
  author = {Lin-Shu Du and Robert W. Schurko and Namjun Kim and Clare P. Grey},
  title = {Solid-State $^{93}${Nb}, $^{19}${F}, and $^{113}${Cd} Nuclear Magnetic Resonance Study of Niobium Oxyfluorides: {C}haracterization of Local Distortions and Oxygen/Fluorine Ordering},
  journal = {J. Phys. Chem. A}
}

@article{KoehlerEtAl_ChemInform2003,
  doi = {10.1002/1521-3749(200212)628:12<2683::aid-zaac2683>3.0.co;2-e},
  url = {https://doi.org/10.1002/1521-3749(200212)628:12<2683::aid-zaac2683>3.0.co;2-e},
  year = {2002},
  month = dec,
  publisher = {Wiley},
  volume = {628},
  number = {12},
  pages = {2683--2690},
  author = {J. K\"{o}hler and A. Simon and L. van W\"{u}llen and S. Cordier and T. Roisnel and M. Poulain and M. Somer},
  title = {Structures and Properties of {NbOF}$_3$ and {TaOF}$_3$ --- With a Remark to the {O}/{F} Ordering in the {SnF}$_4$ Type Structure.},
  journal = {Zeitschrift f\"{u}r anorganische und allgemeine Chemie}
}

@article{LeBerreEtAl_DaltonTrans2007,
  doi = {10.1039/b701863k},
  url = {https://doi.org/10.1039/b701863k},
  year = {2007},
  publisher = {Royal Society of Chemistry ({RSC})},
  number = {23},
  pages = {2457--2466},
  author = {Fran{\c{c}}oise {Le Berre} and Marie-Pierre Crosnier-Lopez and Cyrille Galven and Jean-Louis Fourquet and Christophe Legein and Monique Body and Jean-Yves Buzar{\'{e}}},
  title = {{C}a$^{2+}$/vacancies and {O}$^{2-}$/{F}$^-$ ordering in new oxyfluoride pyrochlores {Li}$_{2x}${Ca}$_{1.5-x}$$\square_{0.5-x}${M}$_2${O}$_6${F} ({M} = {Nb}, {Ta}) for $0\leq x \leq 0.5$},
  journal = {Dalton Trans.}
}

@article{SronekEtAl_JPhysChemC2007,
  doi = {10.1021/jp075130+},
  url = {https://doi.org/10.1021/jp075130+},
  year = {2007},
  month = dec,
  publisher = {American Chemical Society ({ACS})},
  volume = {112},
  number = {3},
  pages = {860--866},
  author = {Laetitia Sronek and J{\'{e}}r{\^{o}}me Lhoste and Manuel Gaudon and Christophe Legein and Jean-Yves Buzar{\'{e}} and Monique Body and Guillaume Crini{\`{e}}re and Alain Tressaud and Stanislav Pechev and Alain Demourgues},
  title = {Probing the Local Environments of Fluorine in {C}e-Based Fluorite-Type Oxyfluorides with $^{19}${F} {MAS} {NMR} Spectroscopy},
  journal = {J. Phys. Chem. C}
}

@article{ProffenEtAl_ZKristal2003,
  doi = {10.1524/zkri.218.2.132.20664},
  url = {https://doi.org/10.1524/zkri.218.2.132.20664},
  year = {2003},
  month = feb,
  publisher = {Walter de Gruyter {GmbH}},
  volume = {218},
  number = {2},
  pages = {132--143},
  author = {Th. Proffen and S. J. L. Billinge and T. Egami and D. Louca},
  title = {Structural analysis of complex materials using the atomic pair distribution function --- a practical guide},
  journal = {Z. Kristal. Cryst. Mater.}
}

@article{AllenEtAl_WellOpenRes2021,
  doi = {10.12688/wellcomeopenres.15191.2},
  url = {https://doi.org/10.12688/wellcomeopenres.15191.2},
  year = {2021},
  month = jan,
  publisher = {F1000 Research Ltd},
  volume = {4},
  pages = {63},
  author = {Micah Allen and Davide Poggiali and Kirstie Whitaker and Tom Rhys Marshall and Jordy van Langen and Rogier A. Kievit},
  title = {Raincloud plots: a multi-platform tool for robust data visualization},
  journal = {Well. Open Res.}
}

@article{VorresAndDonohue_ActaCryst1955,
  doi = {10.1107/s0365110x55000054},
  url = {https://doi.org/10.1107/s0365110x55000054},
  year = {1955},
  month = jan,
  publisher = {International Union of Crystallography ({IUCr})},
  volume = {8},
  number = {1},
  pages = {25--26},
  author = {K. Vorres and J. Donohue},
  title = {The structure of titanium oxydifluoride},
  journal = {Acta Crystal.}
}

@article{HouEtAl_RSCAdv2021,
  doi = {10.1039/d1ra01772a},
  url = {https://doi.org/10.1039/d1ra01772a},
  year = {2021},
  publisher = {Royal Society of Chemistry ({RSC})},
  volume = {11},
  number = {25},
  pages = {14957--14969},
  author = {Chentao Hou and Huayang Liu and Yijie Li},
  title = {The preparation of three-dimensional flower-like {TiO}$_2$/{TiOF}$_2$ photocatalyst and its efficient degradation of tetracycline hydrochloride},
  journal = {{RSC} Adv.}
}

@article{WangEtAl_Nanoscale2014,
  doi = {10.1039/c3nr04489k},
  url = {https://doi.org/10.1039/c3nr04489k},
  year = {2014},
  publisher = {Royal Society of Chemistry ({RSC})},
  volume = {6},
  number = {2},
  pages = {897--902},
  author = {Jinguo Wang and Fenglei Cao and Zhenfeng Bian and Michael K. H. Leung and Hexing Li},
  title = {Ultrafine single-crystal {TiOF}$_2$ nanocubes with mesoporous structure,  high activity and durability in visible light driven photocatalysis},
  journal = {Nanoscale}
}

@article{ReddyEtAl_JPowerSour2006,
  doi = {10.1016/j.jpowsour.2006.08.020},
  url = {https://doi.org/10.1016/j.jpowsour.2006.08.020},
  year = {2006},
  month = nov,
  publisher = {Elsevier {BV}},
  volume = {162},
  number = {2},
  pages = {1312--1321},
  author = {M.V. Reddy and S. Madhavi and G.V. Subba Rao and B.V.R. Chowdari},
  title = {Metal oxyfluorides {TiOF}$_2$ and {NbO}$_2${F} as anodes for {L}i-ion batteries},
  journal = {J. Power Sour.}
}

@article{LouvainEtAl_JMaterChemA2014,
  doi = {10.1039/c4ta02553a},
  url = {https://doi.org/10.1039/c4ta02553a},
  year = {2014},
  publisher = {Royal Society of Chemistry ({RSC})},
  volume = {2},
  number = {37},
  pages = {15308--15315},
  author = {N. Louvain and Z. Karkar and M. El-Ghozzi and P. Bonnet and K. Gu{\'{e}}rin and P. Willmann},
  title = {Fluorination of anatase {TiO}$_2$ towards titanium oxyfluoride {TiOF}$_2$: a novel synthesis approach and proof of the {L}i-insertion mechanism},
  journal = {J. Mater. Chem. A}
}

@article{DabachiEtAl_InorgChem2017,
  doi = {10.1021/acs.inorgchem.7b00355},
  url = {https://doi.org/10.1021/acs.inorgchem.7b00355},
  year = {2017},
  month = apr,
  publisher = {American Chemical Society ({ACS})},
  volume = {56},
  number = {9},
  pages = {5219--5232},
  author = {Jamal Dabachi and Monique Body and Cyrille Galven and Florent Boucher and Christophe Legein},
  title = {Preparation-Dependent Composition and {O}/{F} Ordering in {NbO}$_2${F} and {TaO}$_2${F}},
  journal = {Inorg. Chem.}
}

@article{DabachiEtAl_DaltonTrans2015,
  doi = {10.1039/c5dt04028k},
  url = {https://doi.org/10.1039/c5dt04028k},
  year = {2015},
  publisher = {Royal Society of Chemistry ({RSC})},
  volume = {44},
  number = {47},
  pages = {20675--20684},
  author = {Jamal Dabachi and Monique Body and Jens Dittmer and Franck Fayon and Christophe Legein},
  title = {Structural refinement of the {RT} {LaOF} phases by coupling powder {X}-Ray diffraction, $^{19}${F} and $^{139}${La} solid state {NMR} and {DFT} calculations of the {NMR} parameters},
  journal = {Dalton Trans.}
}

@article{GriffinEtAl_JAmChemSoc2010,
  doi = {10.1021/ja105347q},
  url = {https://doi.org/10.1021/ja105347q},
  year = {2010},
  month = oct,
  publisher = {American Chemical Society ({ACS})},
  volume = {132},
  number = {44},
  pages = {15651--15660},
  author = {John M. Griffin and Jonathan R. Yates and Andrew J. Berry and Stephen Wimperis and Sharon E. Ashbrook},
  title = {High-Resolution $^{19}${F} {MAS} {NMR} Spectroscopy: Structural Disorder and Unusual ${J}$ Couplings in a Fluorinated Hydroxy-Silicate},
  journal = {J.  Am. Chem. Soc.}
}

@article{GalvenEtAl_EurJInorgChem2010,
  doi = {10.1002/ejic.201000599},
  url = {https://doi.org/10.1002/ejic.201000599},
  year = {2010},
  month = oct,
  publisher = {Wiley},
  volume = {2010},
  number = {33},
  pages = {5272--5283},
  author = {Cyrille Galven and Christophe Legein and Monique Body and Jean-Louis Fourquet and Jean-Yves Buzar{\'{e}} and Fran{\c{c}}oise Le Berre and Marie-Pierre Crosnier-Lopez},
  title = {New Oxyfluoride Pyrochlores {L}i$_{2-x}${L}a$_{(1+x)/3}$$\square_{(2x-1)/3}${B}$_2${O}$_6${F} ({B} = {Nb},  {Ta}): Average and Local Structure Characterization by {XRD},  {TEM} and {F} Solid-State {NMR} Spectroscopy},
  journal = {Eur. J. Inorg. Chem.}
}

@article{AlamEtAl_ChemMater2008,
  doi = {10.1021/cm0717763},
  url = {https://doi.org/10.1021/cm0717763},
  year = {2008},
  month = feb,
  publisher = {American Chemical Society ({ACS})},
  volume = {20},
  number = {6},
  pages = {2205--2217},
  author = {Todd M. Alam and Jacalyn S. Clawson and Fran{\c{c}}ois Bonhomme and Steven G. Thoma and Mark A. Rodriguez and Shaohui Zheng and Jochen Autschbach},
  title = {A Solid-State {NMR},  {X}-ray Diffraction,  and Ab Initio Investigation into the Structures of Novel Tantalum Oxyfluoride Clusters},
  journal = {Chem. Mater.}
}

@article{CharlesEtAl_ChemMater2018,
  doi = {10.1021/acs.chemmater.8b01336},
  url = {https://doi.org/10.1021/acs.chemmater.8b01336},
  year = {2018},
  month = apr,
  publisher = {American Chemical Society ({ACS})},
  volume = {30},
  number = {10},
  pages = {3528--3537},
  author = {Nenian Charles and Richard J. Saballos and James M. Rondinelli},
  title = {Structural Diversity from Anion Order in Heteroanionic Materials},
  journal = {Chem. Mater.}
}

@article{WagnerEtAl_PhysRevB2019,
  doi = {10.1103/physrevb.100.064101},
  url = {https://doi.org/10.1103/physrevb.100.064101},
  year = {2019},
  pages = {064101},
  month = aug,
  publisher = {American Physical Society ({APS})},
  volume = {100},
  number = {6},
  author = {Nicholas Wagner and Ram Seshadri and James M. Rondinelli},
  title = {Property control from polyhedral connectivity in {ABO}$_3$ oxides},
  journal = {Phys. Rev. B}
}

@article{ColesEtAl_JMaterChemA2023,
  doi = {10.1039/d2ta10037a},
  url = {https://doi.org/10.1039/d2ta10037a},
  year = {2023},
  volume = {11},
  pages = {13016},
  publisher = {Royal Society of Chemistry ({RSC})},
  author = {Samuel W. Coles and Viktoria Falkowski and Harry S. Geddes and Gabriel E. P{\'{e}}rez and Samuel G. Booth and Alexander G. Squires and Conn O'Rourke and Kit McColl and Andrew L. Goodwin and Serena A. Cussen and Simon J. Clarke and M. Saiful Islam and Benjamin J. Morgan},
  title = {Anion-polarisation-directed short-range-order in antiperovskite {L}i$_2${FeSO}},
  journal = {J. Mater. Chem. A}
}

@article{Morgan_ChemMater2021,
  doi = {10.1021/acs.chemmater.0c03738},
  url = {https://doi.org/10.1021/acs.chemmater.0c03738},
  year = {2021},
  month = mar,
  publisher = {American Chemical Society ({ACS})},
  volume = {33},
  number = {6},
  pages = {2004--2018},
  author = {Benjamin J. Morgan},
  title = {Mechanistic Origin of Superionic Lithium Diffusion in Anion-Disordered {L}i$_6${PS}$_5$${X}$ Argyrodites},
  journal = {Chem. Mater.}
}

@article{McCollEtAl_NatureCommun2022,
  doi = {10.1038/s41467-022-32983-w},
  url = {https://doi.org/10.1038/s41467-022-32983-w},
  year = {2022},
  pages = {5275},
  month = sep,
  publisher = {Springer Science and Business Media {LLC}},
  volume = {13},
  number = {1},
  author = {Kit McColl and Robert A. House and Gregory J. Rees and Alexander G. Squires and Samuel W. Coles and Peter G. Bruce and Benjamin J. Morgan and M. Saiful Islam},
  title = {Transition metal migration and {O}$_2$ formation underpin voltage hysteresis in oxygen-redox disordered rocksalt cathodes},
  journal = {Nature Commun.}
}


@article{KeenAndGoodwin_Nature2015,
  doi = {10.1038/nature14453},
  url = {https://doi.org/10.1038/nature14453},
  year = {2015},
  month = may,
  publisher = {Springer Science and Business Media {LLC}},
  volume = {521},
  number = {7552},
  pages = {303--309},
  author = {David A. Keen and Andrew L. Goodwin},
  title = {The crystallography of correlated disorder},
  journal = {Nature}
}

@article{DeringerEtAl_JPhysChemA2011,
  doi = {10.1021/jp202489s},
  url = {https://doi.org/10.1021/jp202489s},
  year = {2011},
  month = may,
  publisher = {American Chemical Society ({ACS})},
  volume = {115},
  number = {21},
  pages = {5461--5466},
  author = {Volker L. Deringer and Andrei L. Tchougr{\'{e}}eff and Richard Dronskowski},
  title = {Crystal Orbital Hamilton Population ({COHP}) Analysis As Projected from Plane-Wave Basis Sets},
  journal = {J. Phys. Chem. A}
}

@article{MaintzEtAl_JComputChem2013,
  doi = {10.1002/jcc.23424},
  url = {https://doi.org/10.1002/jcc.23424},
  year = {2013},
  month = sep,
  publisher = {Wiley},
  volume = {34},
  number = {29},
  pages = {2557--2567},
  author = {Stefan Maintz and Volker L. Deringer and Andrei L. Tchougr{\'{e}}eff and Richard Dronskowski},
  title = {Analytic projection from plane-wave and {PAW} wavefunctions and application to chemical-bonding analysis in solids},
  journal = {J. Comput. Chem.}
}

@article{MaintzEtAl_JComputChem2016,
  doi = {10.1002/jcc.24300},
  url = {https://doi.org/10.1002/jcc.24300},
  year = {2016},
  month = feb,
  publisher = {Wiley},
  volume = {37},
  number = {11},
  pages = {1030--1035},
  author = {Stefan Maintz and Volker L. Deringer and Andrei L. Tchougr{\'{e}}eff and Richard Dronskowski},
  title = {{LOBSTER}: A tool to extract chemical bonding from plane-wave based {DFT}},
  journal = {J. Comput. Chem.}
}


@article{LiEtAl_ChemMater2015,
  doi = {10.1021/acs.chemmater.5b01407},
  url = {https://doi.org/10.1021/acs.chemmater.5b01407},
  year = {2015},
  month = jul,
  publisher = {American Chemical Society ({ACS})},
  volume = {27},
  number = {14},
  pages = {5014--5019},
  author = {Wei Li and Dario Corradini and Monique Body and Christophe Legein and Mathieu Salanne and Jiwei Ma and Karena W. Chapman and Peter J. Chupas and Anne-Laure Rollet and Christian Julien and Karim Zhagib and Mathieu Duttine and Alain Demourgues and Henri Groult and Damien Dambournet},
  title = {High Substitution Rate in {TiO}$_2$ Anatase Nanoparticles with Cationic Vacancies for Fast Lithium Storage},
  journal = {Chem. Mater.}
}

@article{LiEtAl_JSolStatChem2017,
  doi = {10.1016/j.jssc.2016.11.010},
  url = {https://doi.org/10.1016/j.jssc.2016.11.010},
  year = {2017},
  month = feb,
  publisher = {Elsevier {BV}},
  volume = {246},
  pages = {113--118},
  author = {Wei Li and Monique Body and Christophe Legein and Damien Dambournet},
  title = {Identify {OH} groups in {TiOF}$_2$ and their impact on the lithium intercalation properties},
  journal = {J. Sol. Stat. Chem.}
}

@article{ChupasEtAl_JApplCryst2003,
  doi = {10.1107/s0021889803017564},
  url = {https://doi.org/10.1107/s0021889803017564},
  year = {2003},
  month = nov,
  publisher = {International Union of Crystallography ({IUCr})},
  volume = {36},
  number = {6},
  pages = {1342--1347},
  author = {Peter J. Chupas and Xiangyun Qiu and Jonathan C. Hanson and Peter L. Lee and Clare P. Grey and Simon J. L. Billinge},
  title = {Rapid-acquisition pair distribution function ({RA}-{PDF}) analysis},
  journal = {J. Appl. Cryst.}
}

@article{HammersleyEtAl_HighPresRes1996,
  doi = {10.1080/08957959608201408},
  url = {https://doi.org/10.1080/08957959608201408},
  year = {1996},
  month = jan,
  publisher = {Informa {UK} Limited},
  volume = {14},
  number = {4-6},
  pages = {235--248},
  author = {A. P. Hammersley and S. O. Svensson and M. Hanfland and A. N. Fitch and D. Hausermann},
  title = {Two-dimensional detector software: From real detector to idealised image or two-theta scan},
  journal = {High Pres. Res.}
}

@article{ChupasEtAl_JApplCryst2007,
  doi = {10.1107/s0021889807007856},
  url = {https://doi.org/10.1107/s0021889807007856},
  year = {2007},
  month = may,
  publisher = {International Union of Crystallography ({IUCr})},
  volume = {40},
  number = {3},
  pages = {463--470},
  author = {Peter J. Chupas and Karena W. Chapman and Peter L. Lee},
  title = {Applications of an amorphous silicon-based area detector for high-resolution,  high-sensitivity and fast time-resolved pair distribution function measurements},
  journal = {J. Appl. Cryst.}
}

@article{QiuEtAl_JApplCryst2004,
  doi = {10.1107/s0021889804011744},
  url = {https://doi.org/10.1107/s0021889804011744},
  year = {2004},
  month = jul,
  publisher = {International Union of Crystallography ({IUCr})},
  volume = {37},
  number = {4},
  pages = {678--678},
  author = {Xiangyun Qiu and Jeroen W. Thompson and Simon J. L. Billinge},
  title = {{PDFgetX}2: a {GUI}-driven program to obtain the pair distribution function from X-ray powder diffraction data},
  journal = {J. Appl. Cryst.}
}

@article{FarrowEtAl_JPhysCondensMatter2007,
  doi = {10.1088/0953-8984/19/33/335219},
  url = {https://doi.org/10.1088/0953-8984/19/33/335219},
  year = {2007},
  month = jul,
  publisher = {{IOP} Publishing},
  volume = {19},
  number = {33},
  pages = {335219},
  author = {C L Farrow and P Juhas and J W Liu and D Bryndin and E S Bo{\v{z}}in and J Bloch and Th Proffen and S J L Billinge},
  title = {{PDFfit}2 and {PDFgui}: computer programs for studying nanostructure in crystals},
  journal = {J. Phys.: Condens. Matter}
}

@book{EgamiAndBullinge_Elsevier2003,
  title = {Underneath the Bragg Peaks: Structural Analysis of Complex Materials},
  author = {Takeshi Egami and Simon Billinge},
  year = {2012},
  month = nov,
  publisher = {Elsevier},
  isbn = { 9780080971414}
}

@article{MassiotEtAl_MagResChem2001,
  doi = {10.1002/mrc.984},
  url = {https://doi.org/10.1002/mrc.984},
  year = {2001},
  month = dec,
  publisher = {Wiley},
  volume = {40},
  number = {1},
  pages = {70--76},
  author = {Dominique Massiot and Franck Fayon and Mickael Capron and Ian King and St{\'{e}}phanie Le Calv{\'{e}} and Bruno Alonso and Jean-Olivier Durand and Bruno Bujoli and Zhehong Gan and Gina Hoatson},
  title = {Modelling one- and two-dimensional solid-state {NMR} spectra},
  journal = {Mag. Res. Chem.}
}

@article{SegallEtAl_JPhysCondensMatter2002,
  doi = {10.1088/0953-8984/14/11/301},
  url = {https://doi.org/10.1088/0953-8984/14/11/301},
  year = {2002},
  month = mar,
  publisher = {{IOP} Publishing},
  volume = {14},
  number = {11},
  pages = {2717--2744},
  author = {M D Segall and Philip J D Lindan and M J Probert and C J Pickard and P J Hasnip and S J Clark and M C Payne},
  title = {First-principles simulation: ideas,  illustrations and the {CASTEP} code},
  journal = {J. Phys.: Condens. Matter}
}

@article{ClarkEtAl_ZKristCrystMater2005,
  doi = {10.1524/zkri.220.5.567.65075},
  url = {https://doi.org/10.1524/zkri.220.5.567.65075},
  year = {2005},
  month = may,
  publisher = {Walter de Gruyter {GmbH}},
  volume = {220},
  number = {5-6},
  pages = {567--570},
  author = {Stewart J. Clark and Matthew D. Segall and Chris J. Pickard and Phil J. Hasnip and Matt I. J. Probert and Keith Refson and Mike C. Payne},
  title = {First principles methods using {CASTEP}},
  journal = {Z. Krist. --- Cryst. Mater.}
}

@article{PickardAndMauri_PhysRevB2001,
  doi = {10.1103/physrevb.63.245101},
  url = {https://doi.org/10.1103/physrevb.63.245101},
  year = {2001},
  month = may,
  publisher = {American Physical Society ({APS})},
  volume = {63},
  number = {24},
  author = {Chris J. Pickard and Francesco Mauri},
  title = {All-electron magnetic response with pseudopotentials: {NMR} chemical shifts},
  journal = {Phys. Rev. B}
}

@article{YatesEtAl_PhysRevB2007,
  doi = {10.1103/physrevb.76.024401},
  url = {https://doi.org/10.1103/physrevb.76.024401},
  year = {2007},
  month = jul,
  publisher = {American Physical Society ({APS})},
  volume = {76},
  number = {2},
  author = {Jonathan R. Yates and Chris J. Pickard and Francesco Mauri},
  title = {Calculation of {NMR} chemical shifts for extended systems using ultrasoft pseudopotentials},
  journal = {Phys. Rev. B}
}

@article{KresseAndFurthmuller_ComputMaterSci1996,
  doi = {10.1016/0927-0256(96)00008-0},
  url = {https://doi.org/10.1016/0927-0256(96)00008-0},
  year = {1996},
  month = jul,
  publisher = {Elsevier {BV}},
  volume = {6},
  number = {1},
  pages = {15--50},
  author = {G. Kresse and J. Furthm\"{u}ller},
  title = {Efficiency of ab-initio total energy calculations for metals and semiconductors using a plane-wave basis set},
  journal = {Comput. Mater. Sci.}
}

@article{DudarevEtAl_PhysRevB1997,
  doi = {10.1103/physrevb.56.4900},
  url = {https://doi.org/10.1103/physrevb.56.4900},
  year = {1997},
  month = aug,
  publisher = {American Physical Society ({APS})},
  volume = {56},
  number = {8},
  pages = {4900--4908},
  author = {S. L. Dudarev and A. I. Liechtenstein and M. R. Castell and G. A. D. Briggs and A. P. Sutton},
  title = {Surface states on {NiO} (100) and the origin of the contrast reversal in atomically resolved scanning tunneling microscope images},
  journal = {Phys. Rev. B}
}

@article{DudarevEtAl_PhysRevB1998,
  doi = {10.1103/physrevb.57.1505},
  url = {https://doi.org/10.1103/physrevb.57.1505},
  year = {1998},
  month = jan,
  publisher = {American Physical Society ({APS})},
  volume = {57},
  number = {3},
  pages = {1505--1509},
  author = {S. L. Dudarev and G. A. Botton and S. Y. Savrasov and C. J. Humphreys and A. P. Sutton},
  title = {Electron-energy-loss spectra and the structural stability of nickel oxide: An {LSDA}+{U} study},
  journal = {Phys. Rev. B}
}

@article{MorganAndWatson_SurfSci2007,
  doi = {10.1016/j.susc.2007.08.025},
  url = {https://doi.org/10.1016/j.susc.2007.08.025},
  year = {2007},
  month = nov,
  publisher = {Elsevier {BV}},
  volume = {601},
  number = {21},
  pages = {5034--5041},
  author = {Benjamin J. Morgan and Graeme W. Watson},
  title = {A {DFT}+{U} description of oxygen vacancies at the {TiO}$_2$ rutile (110) surface},
  journal = {Surf. Sci.}
}

@article{MorganAndWatson_JPhysChemC2010,
  doi = {10.1021/jp9088047},
  url = {https://doi.org/10.1021/jp9088047},
  year = {2010},
  month = jan,
  publisher = {American Chemical Society ({ACS})},
  volume = {114},
  number = {5},
  pages = {2321--2328},
  author = {Benjamin J. Morgan and Graeme W. Watson},
  title = {Intrinsic n-type Defect Formation in {TiO}$_2$: A Comparison of Rutile and Anatase from {GGA}+${U}$ Calculations},
  journal = {J. Phys. Chem. C}
}

@article{MorganAndMadden_PhysRevB2012,
  doi = {10.1103/physrevb.86.035147},
  url = {https://doi.org/10.1103/physrevb.86.035147},
  year = {2012},
  month = jul,
  publisher = {American Physical Society ({APS})},
  volume = {86},
  number = {3},
  author = {Benjamin J. Morgan and Paul A. Madden},
  title = {Lithium intercalation into {TiO}$_2$({B}): A comparison of {LDA},  {GGA},  and {GGA}+{U} density functional calculations},
  journal = {Phys. Rev. B}
}

@article{KoketsuEtAl_NatureMater2017,
  doi = {10.1038/nmat4976},
  url = {https://doi.org/10.1038/nmat4976},
  year = {2017},
  month = sep,
  publisher = {Springer Science and Business Media {LLC}},
  volume = {16},
  number = {11},
  pages = {1142--1148},
  author = {Toshinari Koketsu and Jiwei Ma and Benjamin J. Morgan and Monique Body and Christophe Legein and Walid Dachraoui and Mattia Giannini and Arnaud Demorti{\`{e}}re and Mathieu Salanne and Fran{\c{c}}ois Dardoize and Henri Groult and Olaf J. Borkiewicz and Karena W. Chapman and Peter Strasser and Damien Dambournet},
  title = {Reversible magnesium and aluminium ions insertion in cation-deficient anatase {TiO}$_2$},
  journal = {Nature Mater.}
}

@article{MaEtAl_ChemMater2018,
  doi = {10.1021/acs.chemmater.8b00925},
  url = {https://doi.org/10.1021/acs.chemmater.8b00925},
  year = {2018},
  month = apr,
  publisher = {American Chemical Society ({ACS})},
  volume = {30},
  number = {9},
  pages = {3078--3089},
  author = {Jiwei Ma and Wei Li and Benjamin J. Morgan and Jolanta {\'{S}}wiatowska and Rita Baddour-Hadjean and Monique Body and Christophe Legein and Olaf J. Borkiewicz and Sandrine Leclerc and Henri Groult and Fr{\'{e}}d{\'{e}}ric Lantelme and Christel Laberty-Robert and Damien Dambournet},
  title = {Lithium Intercalation in Anatase Titanium Vacancies and the Role of Local Anionic Environment},
  journal = {Chem. Mater.}
}

@article{LegeinEtAl_AngewChemIntEdit2020,
  doi = {10.1002/anie.202007983},
  url = {https://doi.org/10.1002/anie.202007983},
  year = {2020},
  month = aug,
  publisher = {Wiley},
  volume = {59},
  number = {43},
  pages = {19247--19253},
  author = {Christophe Legein and Benjamin J. Morgan and Franck Fayon and Toshinari Koketsu and Jiwei Ma and Monique Body and Vincent Sarou-Kanian and Xian-Kui Wei and Marc Heggen and Olaf J. Borkiewicz and Peter Strasser and Damien Dambournet},
  title = {Atomic Insights into Aluminium-Ion Insertion in Defective Anatase for Batteries},
  journal = {Angew. Chem. Int. Edit.}
}

@article{vandeWalleAndCeder_JPhaseEquil2002,
  doi = {10.1361/105497102770331596},
  url = {https://doi.org/10.1361/105497102770331596},
  year = {2002},
  month = aug,
  publisher = {Springer Science and Business Media {LLC}},
  volume = {23},
  number = {4},
  pages = {348--359},
  author = {A. Walle and G. Ceder},
  title = {Automating first-principles phase diagram calculations},
  journal = {J. Phase Equil.}
}

@article{vandeWalle_Calphad2009,
  doi = {10.1016/j.calphad.2008.12.005},
  url = {https://doi.org/10.1016/j.calphad.2008.12.005},
  year = {2009},
  month = jun,
  publisher = {Elsevier {BV}},
  volume = {33},
  number = {2},
  pages = {266--278},
  author = {Axel van de Walle},
  title = {Multicomponent multisublattice alloys, nonconfigurational entropy and other additions to the {A}lloy {T}heoretic {A}utomated {T}oolkit},
  journal = {Calphad}
}

@article{vandeWalleAndCeder_Calphad2002,
  doi = {10.1016/s0364-5916(02)80006-2},
  url = {https://doi.org/10.1016/s0364-5916(02)80006-2},
  year = {2002},
  month = dec,
  publisher = {Elsevier {BV}},
  volume = {26},
  number = {4},
  pages = {539--553},
  author = {A. van de Walle and M. Asta and G. Ceder},
  title = {The alloy theoretic automated toolkit: A user guide},
  journal = {Calphad}
}

@article{PerdewEtAl_PhysRevLett2008,
  doi = {10.1103/physrevlett.100.136406},
  url = {https://doi.org/10.1103/physrevlett.100.136406},
  year = {2008},
  month = apr,
  publisher = {American Physical Society ({APS})},
  volume = {100},
  number = {13},
  author = {John P. Perdew and Adrienn Ruzsinszky and G{\'{a}}bor I. Csonka and Oleg A. Vydrov and Gustavo E. Scuseria and Lucian A. Constantin and Xiaolan Zhou and Kieron Burke},
  title = {Restoring the Density-Gradient Expansion for Exchange in Solids and Surfaces},
  journal = {Phys. Rev. Lett.}
}

@article{Blochl_PhysRevB1994,
  doi = {10.1103/physrevb.50.17953},
  url = {https://doi.org/10.1103/physrevb.50.17953},
  year = {1994},
  month = dec,
  publisher = {American Physical Society ({APS})},
  volume = {50},
  number = {24},
  pages = {17953--17979},
  author = {P. E. Bl\"{o}chl},
  title = {Projector augmented-wave method},
  journal = {Phys. Rev. B}
}

@article{KresseAndFurthmuller_PhysRevB1996,
  doi = {10.1103/physrevb.54.11169},
  url = {https://doi.org/10.1103/physrevb.54.11169},
  year = {1996},
  month = oct,
  publisher = {American Physical Society ({APS})},
  volume = {54},
  number = {16},
  pages = {11169--11186},
  author = {G. Kresse and J. Furthm\"{u}ller},
  title = {Efficient iterative schemes for \emph{ab initio} total-energy calculations using a plane-wave basis set},
  journal = {Phys. Rev. B}
}

@article{KresseAndJoubert_PhysRevB1999,
  doi = {10.1103/physrevb.59.1758},
  url = {https://doi.org/10.1103/physrevb.59.1758},
  year = {1999},
  month = jan,
  publisher = {American Physical Society ({APS})},
  volume = {59},
  number = {3},
  pages = {1758--1775},
  author = {G. Kresse and D. Joubert},
  title = {From ultrasoft pseudopotentials to the projector augmented-wave method},
  journal = {Phys. Rev. B}
}

@article{KuhneEtAl_JChemPhys2020,
  doi = {10.1063/5.0007045},
  url = {https://doi.org/10.1063/5.0007045},
  year = {2020},
  month = may,
  publisher = {{AIP} Publishing},
  volume = {152},
  number = {19},
  pages = {194103},
  author = {Thomas D. K\"{u}hne and Marcella Iannuzzi and Mauro Del Ben and Vladimir V. Rybkin and Patrick Seewald and Frederick Stein and Teodoro Laino and Rustam Z. Khaliullin and Ole Sch\"{u}tt and Florian Schiffmann and Dorothea Golze and Jan Wilhelm and Sergey Chulkov and Mohammad Hossein Bani-Hashemian and Val{\'{e}}ry Weber and Urban Bor{\v{s}}tnik and Mathieu Taillefumier and Alice Shoshana Jakobovits and Alfio Lazzaro and Hans Pabst and Tiziano M\"{u}ller and Robert Schade and Manuel Guidon and Samuel Andermatt and Nico Holmberg and Gregory K. Schenter and Anna Hehn and Augustin Bussy and Fabian Belleflamme and Gloria Tabacchi and Andreas Gl\"{o}{\ss} and Michael Lass and Iain Bethune and Christopher J. Mundy and Christian Plessl and Matt Watkins and Joost VandeVondele and Matthias Krack and J\"{u}rg Hutter},
  title = {{CP}2K: An electronic structure and molecular dynamics software package - Quickstep: Efficient and accurate electronic structure calculations},
  journal = {J. Chem. Phys.}
}

@article{PerdewEtAl_PhysRevLett1996,
  doi = {10.1103/physrevlett.77.3865},
  url = {https://doi.org/10.1103/physrevlett.77.3865},
  year = {1996},
  month = oct,
  publisher = {American Physical Society ({APS})},
  volume = {77},
  number = {18},
  pages = {3865--3868},
  author = {John P. Perdew and Kieron Burke and Matthias Ernzerhof},
  title = {Generalized Gradient Approximation Made Simple},
  journal = {Phys. Rev. Lett.}
}

@article{BaiEtAl_InorgChemFront2021,
  doi = {10.1039/d0qi01156h},
  url = {https://doi.org/10.1039/d0qi01156h},
  year = {2021},
  publisher = {Royal Society of Chemistry ({RSC})},
  volume = {8},
  number = {6},
  pages = {1637--1654},
  author = {Shuo Bai and Dan Wang and Hongkun Liu and Ying Wang},
  title = {Recent advances of oxyfluorides for nonlinear optical applications},
  journal = {Inorg. Chem. Front.}
}

@article{ZhaoEtAl_ApplPhysLett2010,
  doi = {10.1063/1.3485050},
  url = {https://doi.org/10.1063/1.3485050},
  year = {2010},
  month = aug,
  publisher = {{AIP} Publishing},
  volume = {97},
  number = {9},
  pages = {092118},
  author = {L. D. Zhao and D. Berardan and Y. L. Pei and C. Byl and L. Pinsard-Gaudart and N. Dragoe},
  title = {{Bi}$_{1-x}${Sr}$_x${CuSeO} oxyselenides as promising thermoelectric materials},
  journal = {Appl. Phys. Lett.}
}

@article{GouEtAl_ChemMater2020,
  doi = {10.1021/acs.chemmater.9b04429},
  url = {https://doi.org/10.1021/acs.chemmater.9b04429},
  year = {2020},
  month = mar,
  publisher = {American Chemical Society ({ACS})},
  volume = {32},
  number = {7},
  pages = {2815--2823},
  author = {Gaoyang Gou and Min Zhao and Jing Shi and Jaye K. Harada and James M. Rondinelli},
  title = {Anion Ordered and Ferroelectric Ruddlesden--Popper Oxynitride {Ca}$_3${Nb}$_2${N}$_2${O}$_5$ for Visible-Light-Active Photocatalysis},
  journal = {Chem. Mater.}
}

@article{DuEtAl_ChemMater2000,
  doi = {10.1021/cm000355h},
  url = {https://doi.org/10.1021/cm000355h},
  year = {2000},
  month = nov,
  publisher = {American Chemical Society ({ACS})},
  volume = {12},
  number = {12},
  pages = {3611--3616},
  author = {Lin-Shu Du and Ago Samoson and Tiit Tuherm and Clare P. Grey},
  title = {$^{19}${F}/$^{23}${Na} Double Resonance {MAS} {NMR} Study of Oxygen/Fluorine Ordering in the Oxyfluoride {Na}$_5${W}$_3${O}$_9${F}$_5$},
  journal = {Chem. Mater.}
}

@article{ChoyEtAl_ChemMater2001,
  doi = {10.1021/cm000673g},
  url = {https://doi.org/10.1021/cm000673g},
  year = {2001},
  month = feb,
  publisher = {American Chemical Society ({ACS})},
  volume = {13},
  number = {3},
  pages = {906--912},
  author = {Jin-Ho Choy and Jong-Young Kim and Seung-Joo Kim and Joon-Sung Sohn and Oc Hee Han},
  title = {New Dion-Jacobson-Type Layered Perovskite Oxyfluorides,  {ASrNb}$_2${O}$_6${F} ({A} = {Li},  {Na},  and {Rb})},
  journal = {Chem. Mater.}
}

@article{DuEtAl_JSolStatChem1998,
  doi = {10.1006/jssc.1998.7888},
  url = {https://doi.org/10.1006/jssc.1998.7888},
  year = {1998},
  month = nov,
  publisher = {Elsevier {BV}},
  volume = {140},
  number = {2},
  pages = {285--294},
  author = {Lin-Shu Du and Francis Wang and Clare P. Grey},
  title = {High-Resolution $^{19}${F} {MAS} and $^{19}${F}--$^{113}${Cd} {REDOR} {NMR} Study of Oxygen/Fluorine Ordering in Oxyfluorides},
  journal = {J. Sol. Stat. Chem.}
}


@article{DingEtAl_JAmChemSoc2020,
  doi = {10.1021/jacs.0c04019},
  url = {https://doi.org/10.1021/jacs.0c04019},
  year = {2020},
  month = jun,
  publisher = {American Chemical Society ({ACS})},
  volume = {142},
  number = {28},
  pages = {12288--12298},
  author = {Fenghua Ding and Kent J. Griffith and Can P. Ko{\c{c}}er and Richard J. Saballos and Yiran Wang and Chi Zhang and Matthew L. Nisbet and Andrew J. Morris and James M. Rondinelli and Kenneth R. Poeppelmeier},
  title = {Multimodal Structure Solution with $^{19}${F} {NMR} Crystallography of Spin Singlet Molybdenum Oxyfluorides},
  journal = {J. Am. Chem. Soc.}
}

@article{BrinkEtAl_JSolStatChem2002,
  doi = {10.1006/jssc.2002.9562},
  url = {https://doi.org/10.1006/jssc.2002.9562},
  year = {2002},
  month = jun,
  publisher = {Elsevier {BV}},
  volume = {166},
  number = {1},
  pages = {73--80},
  author = {Frank J. Brink and Ray L. Withers and Lasse Nor{\'{e}}n},
  title = {An Electron Diffraction and Crystal Chemical Investigation of Oxygen/Fluorine Ordering in Niobium Oxyfluoride,  {N}b{O}$_2${F}},
  journal = {J. Sol. Stat. Chem}
}

@article{PerezFloresEtAl_JMaterChemA2015,
  doi = {10.1039/c5ta05434f},
  url = {https://doi.org/10.1039/c5ta05434f},
  year = {2015},
  publisher = {Royal Society of Chemistry ({RSC})},
  volume = {3},
  number = {41},
  pages = {20508--20515},
  author = {Juan Carlos P{\'{e}}rez-Flores and Raquel Villamor and David {\'{A}}vila-Brande and Jos{\'{e}} M. Gallardo Amores and Emilio Mor{\'{a}}n and Alois Kuhn and Flaviano Garc{\'{\i}}a-Alvarado},
  title = {{VO}$_2${F}: A new transition metal oxyfluoride with high specific capacity for {L}i ion batteries},
  journal = {J. Mater. Chem. A}
}



@article{KageyamaEtAl_NatCommun2018,
  doi = {10.1038/s41467-018-02838-4},
  url = {https://doi.org/10.1038/s41467-018-02838-4},
  year = {2018},
  month = feb,
  publisher = {Springer Science and Business Media {LLC}},
  volume = {9},
  number = {1},
  author = {Hiroshi Kageyama and Katsuro Hayashi and Kazuhiko Maeda and J. Paul Attfield and Zenji Hiroi and James M. Rondinelli and Kenneth R. Poeppelmeier},
  title = {Expanding frontiers in materials chemistry and physics with multiple anions},
  journal = {Nat. Commun.}
}

@article{HaradaEtAl_AdvMater2019,
  doi = {10.1002/adma.201805295},
  url = {https://doi.org/10.1002/adma.201805295},
  year = {2019},
  month = mar,
  publisher = {Wiley},
  volume = {31},
  number = {19},
  pages = {1805295},
  author = {Jaye K. Harada and Nenian Charles and Kenneth R. Poeppelmeier and James M. Rondinelli},
  title = {Heteroanionic Materials by Design: Progress Toward Targeted Properties},
  journal = {Adv. Mater.}
}
